@book{reddy2014introduction,
  title={An Introduction to Nonlinear Finite Element Analysis Second Edition: with applications to heat transfer, fluid mechanics, and solid mechanics},
  author={Reddy, Junuthula Narasimha},
  year={2014},
  publisher={OUP Oxford}
}
